$Id: mini.bib 622 2005-05-06 00:30:26Z phf $

@misc{larus:spim,
  author = "Larus, James",
  title = "{SPIM: A MIPS32 Simulator}",
  note = "\url{http://www.cs.wisc.edu/~larus/spim.html}",
}

@misc{lumetta:lc3,
  author = "Lumetta, Steven S.",
  title = "{LC-3 Unix Simulator}",
  note = "\url{http://highered.mcgraw-hill.com/sites/0072467509/student_view0/lc-3_simulator.html}",
}

@misc{benschop:6809,
  author = "Lennart Benschop",
  title = "{The 6809 Emulator}",
  note = "\url{http://www.xs4all.nl/~lennartb/m6809.html}",
}

@misc{bellis:6809,
  author = "Bellis, Ray P.",
  title = "{usim-0.91: Motorola 6809 Simulator}",
  note = "No dedicated website, I used the patches from \url{http://cedrica.webpipe.net/Simupgrade.htm}",
}

@misc{knuth:mmix,
  author = "Knuth, Donald E.",
  title = "{MMIX 2009: A RISC Computer for the Third Millennium}",
  note = "\url{http://www-cs-faculty.stanford.edu/~knuth/mmix.html}",
}

@misc{knuth:mmixware,
  author = "Knuth, Donald E.",
  title = "{MMIXware: A RISC Computer for the Third Millennium}",
  note = "\url{http://www-cs-faculty.stanford.edu/~knuth/mmixware.html}",
}

@book{knuth:mmix-taocp,
  author = "Knuth, Donald E.",
  title = "MMIX: A RISC Computer for the New Millennium",
  series = "The Art of Computer Programming",
  volume = "1",
  publisher = "Addison-Wesley",
  year = 2005,
  mon = feb,
  isbn = "0201853922",
  note = "Also at \url{http://www-cs-faculty.stanford.edu/~knuth/fasc1.ps.gz}",
}

@book{fowler:uml,
  author = "Fowler, Martin",
  title = "UML Distilled: A Brief Guide to the
    Standard Object Modelling Language",
  edition = "3rd",
  publisher = "Addison-Wesley",
  year = 2003,
  isbn = ?,
}

